<?xml version="1.0" encoding="UTF-8"?><record xmlns="http://www.loc.gov/MARC21/slim" xmlns:cinclude="http://apache.org/cocoon/include/1.0" xmlns:zs="http://www.loc.gov/zing/srw/">
  <leader>00464cz  a2200133n  4500</leader>
  <controlfield tag="001">n  99802403 </controlfield>
  <controlfield tag="003">DLC</controlfield>
  <controlfield tag="005">20130508075057.0</controlfield>
  <controlfield tag="008">990803n| azannaabn          |n aaa      </controlfield>
  <datafield tag="010" ind1=" " ind2=" ">
    <subfield code="a">n  99802403 </subfield>
  </datafield>
  <datafield tag="035" ind1=" " ind2=" ">
    <subfield code="a">(OCoLC)oca05041305</subfield>
  </datafield>
  <datafield tag="040" ind1=" " ind2=" ">
    <subfield code="a">DNLM</subfield>
    <subfield code="b">eng</subfield>
    <subfield code="c">DLC</subfield>
    <subfield code="d">OrPOCIP</subfield>
    <subfield code="e">rda</subfield>
    <subfield code="d">DNLM</subfield>
  </datafield>
  <datafield tag="100" ind1="1" ind2=" ">
    <subfield code="a">Mehta, Atul B.</subfield>
  </datafield>
  <datafield tag="670" ind1=" " ind2=" ">
    <subfield code="a">Haematology at a glance, 2000:</subfield>
    <subfield code="b">CIP t.p. (Atul Mehta, MD, MA, MB, Bchir, MRCP, MRCPath; Royal Free Hosp. Sch. of Med., London) book t.p. (Atul B. Mehta)</subfield>
  </datafield>
</record>